@article{lagrange,
author =    "Philippe Baptiste and Marta Flamini and Francis Sourd",
title =     "Lagrangian Bounds for Just-In-Time Job-Shop Scheduling",
journal =   "",
year =      ""
}

@article{pastuszak, 
title =     "Zarządzanie logistyczne Podstawowe definicje",
author =    "dr Zbigniew Pastuszak",
url = "\url{umcs.net.pl}",
note =      "dostęp:~8.01.2013"
}

@article{grzechca,
title =     "Wykłady z przedmiotu Zautomatyzowane Systemy Wytwarzania", 
author =    "dr inż. Waldemar Grzechca na podstawie materiałów prof. dr hab. inż. Mirosława Zaborowskiego",
url = "\url{http://platforma.polsl.pl/rau1}",
note =      "dostęp:~20.12.12"
}

@article{wiki,
title =     "Linia produkcyjna",
url = "http://pl.wikipedia.org/wiki/Linia_produkcyjna",
note =      "dostęp:~20.12.12"
}

@article{antColony,
title =     "Ant Colony Algorithm for Just-in-Time Job Shop Scheduling with Transportation Times and Multirobots",
author =    "Fatima El Khoukhi and Tarik Lamoudan and Jaouad Boukachour and Ahmed El Hilali Alaoui",
journal =   "International Scholarly Research Network ISRN Applied Mathematics",
volume =    "2011",
year =      "2011",
note =      "Article ID 165620"
}

@misc{np,
title =     {Algorithms and Theory of Computation Handbook, CRC Press LLC, 1999, "strongly NP-hard", in \href{http://xlinux.nist.gov/dads/}{Dictionary of Algorithms and Data Structures} [online], Paul E. Black, ed., U.S. \href{http://www.nist.gov/}{National Institute of Standards and Technology}. 17 December 2004.},
url = "\url{http://www.nist.gov/dads/HTML/stronglyNP.html}",
note =      "dostęp:~7.01.2013",
year =      "2004"
}

@article{genetyczne,
author =    "Rodolfo Pereira Araujo, André Gustavo dos Santos, José Elias Cláudio Arroyo",
title =     "Genetic Algorithm and Local Search for Just-in-Time Job–Shop Scheduling",
journal =   "IEEE Congress on Evolutionary Computation (CEC 2009)",
year =      "2009"
}

@article{constr,
title =     "Just-In-Time Scheduling with constraint programming",
author =    "Monette J-N, Deville Y, Van Hentenryck P",
journal =   "ICAPS",
pages =     "241–248",
year =      "2009"
}


